% This file was created with JabRef 2.6.
% Encoding: Cp1250

@ARTICLE{AdamsIdea,
  author = {Marvin L. Adams},
  title = {{‘‘I have an idea!’’ An appreciation of Edward W. Larsen's contributions
	to particle transport}},
  journal = {Annals of Nuclear Energy},
  year = {2004},
  volume = {31},
  pages = {1963–1986}
}

@ARTICLE{Adams,
  author = {Marvin L. Adams and Edward W. Larsen},
  title = {Fast Iterative Methods for Discrete-ordinates Particle Transport
	Calculations},
  journal = {Progress in Nuclear Energy},
  year = {2002},
  volume = {40},
  pages = {3-159}
}

@MANUAL{DANTSYS,
  title = {{DANTSYS: A Diffusion Accelerated Neutral Particle Transport Code
	System}},
  author = {Raymond E. Alcouffe and Randal S. Baker and Forrest W. Brinkley and
	Duane R. Man and R. Douglas {O’Dell} and Wallace F. Walters},
  organization = {Los Alamos National Laboratory},
  edition = {CIC-14},
  month = jun,
  year = {1995},
  institution = {Los Alamos National Laboratory}
}

@ARTICLE{AllaireHomogenization,
  author = {Gr{\' e}goire Allaire and Guillaume Bal},
  title = {Homogenization of the criticality spectral equation in neutron transport},
  journal = {RAIRO - Mod{\' e}lisation math{\' e}matique et analyse num{\' e}rique},
  year = {1999},
  volume = {33},
  pages = {721-746},
  number = {4}
}

@ARTICLE{AllaireOPT,
  author = {Allaire, G. and Castro, C.},
  title = {Optimization of nuclear fuel reloading by the homogenization method},
  journal = {{S}truct. {M}ultidisc. {O}ptim.},
  year = {2002},
  volume = {24},
  pages = {1-22}
}

@BOOK{Atkinson,
  title = {Theoretical Numerical Analysis: A Functional Analysis Framework},
  publisher = {Springer},
  year = {2001},
  author = {Kendall Atkinson and Weimin Han},
  volume = {9},
  series = {Texts in Applied Mathematics}
}

@BOOK{AxelssonISM,
  title = {Iterative Solution Methods},
  publisher = {Cambridge University Press},
  year = {1996},
  author = {Axelsson, Owe}
}

@ARTICLE{Beckert,
  author = {C. Beckert and U. Grundmann},
  title = {Development and verification of a nodal approach for solving the
	multigroup {SP}$_3$ equations},
  journal = {Annals of Nuclear Energy},
  year = {2008},
  volume = {35},
  pages = {75-86}
}

@TECHREPORT{BrandnerNM,
  author = {Brandner, Marek and Ku{\v z}el, Roman},
  title = {Nod{\'a}ln{\'i} metody pro dif{\'u}zn{\'i} dvougrupov{\'y} model
	reaktoru},
  institution = {Z{\'a}pado{\v c}esk{\'a} univerzita v Plzni},
  year = {2006},
  month = jan
}

@ARTICLE{Brantley,
  author = {Patrick S. Brantley and Edward W. Larsen},
  title = {The Simplified {P3} Approximation},
  journal = {Nuclear Science and Engineering},
  year = {2000},
  volume = {134},
  pages = {1-21}
}

@PHDTHESIS{CapHOM,
  author = {Capdebosq, Yves},
  title = {Homogeneisation des modeles de diffusion en neutronique},
  school = {Centre d'{E}tudes de {S}aclay, {D}irection des {R}{\' e}acteurs {N}ucl{\'
	e}aires, D{\' e}partement de {M}{\' e}canique et de {T}echnologie},
  year = {1999},
  month = sep,
  url = {http://www-ist.cea.fr/publicea/exl-doc/00000037296.pdf}
}

@ARTICLE{Capilla,
  author = {M. Capilla and C. F. Talavera and D. Ginestar and G. Verd{\' u}},
  title = {A nodal collocation approximation for the multi-dimensional PL equations
	–- 2D applications},
  journal = {Annals of Nuclear Energy},
  year = {2008},
  volume = {35},
  pages = {1820-1830}
}

@ARTICLE{ShatillaCMHNM,
  author = {Chao, Y. A. and Shatilla, Y. A.},
  title = {{C}onformal {M}apping and {H}exagonal {N}odal {M}ethods -- {II}:
	{I}mplementation in the {ANC-H} {C}ode},
  journal = {{N}ucl. {S}ci. {E}ng.},
  year = {1995},
  volume = {121},
  pages = {210-225}
}

@ARTICLE{ShatillaCMHNMI,
  author = {Chao, Y. A. and Shatilla, Y. A.},
  title = {{C}onformal {M}apping and {H}exagonal {N}odal {M}ethods -- {I}: Mathematical
	Foundation},
  journal = {{N}ucl. {S}ci. {E}ng.},
  year = {1995},
  volume = {121},
  pages = {202-209}
}

@ARTICLE{Cho2,
  author = {Jin-Young Cho and Kang-Seog Kim and Hyung-Jin Shim and Jae-Seung
	Song and Chung-Chan Lee and Han-Gyu Joo},
  title = {Whole Core Transport Calculation Employing Hexagonal Modular Ray
	Tracing and {CMFD} Formulation},
  journal = {Journal of Nuclear Science and Technology},
  year = {2008},
  volume = {45},
  pages = {740-751},
  number = {8},
  owner = {milan},
  timestamp = {2011.06.29}
}

@ARTICLE{Cho1,
  author = {Nam Zin Cho},
  title = {Fundamentals and Recent Developments of Reactor Physics Methods},
  journal = {Nuclear Engineering and Technology},
  year = {2005},
  volume = {37},
  pages = {25-78},
  owner = {Milan},
  timestamp = {2009.08.16}
}

@ARTICLE{ChoAFEN,
  author = {Nam Zin Cho and Jaejun Lee},
  title = {{A}nalytic {F}unction {E}xpansion {N}odal {(AFEN)} {M}ethod in {H}exagonal-{Z}
	{T}hree-{D}imensional {G}eometry for {N}eutron {D}iffusion {C}alculation},
  journal = {Journal of Nuclear Science and Technology},
  year = {2006},
  volume = {43},
  pages = {1320-1326},
  number = {11},
  owner = {Milan},
  timestamp = {2009.07.07}
}

@ARTICLE{ChoAxialSPN,
  author = {{Jin-Young} Cho and {Kang-Seog} Kim and {Chung-Chan} Lee and {Sung-Quun}
	Zee and {Han-Gyu} Joo},
  title = {Axial {SPN} and Radial {MOC} Coupled Whole Core Transport Calculation},
  journal = {Journal of Nuclear Science and Technology},
  year = {2007},
  volume = {44},
  pages = {1156-1171}
}

@ARTICLE{Coppa1,
  author = {R. Ciolini and G. G. M. Coppa and B. Montagnini and P. Ravetto},
  title = {{Simplified $P_N$ and $A_N$ Methods in Neutron Transport}},
  journal = {Progress in Nuclear Energy},
  year = {2002},
  volume = {40},
  pages = {237-264},
  number = {2}
}

@TECHREPORT{PNSN,
  author = {D. E. Cullen},
  title = {{Why are the PN and SN Methods Equivalent?}},
  institution = {Lawrence Livermore National Laboratory},
  year = {2001}
}

@BOOK{DautrayLions,
  title = {{Mathematical Analysis and Numerical Methods for Science and Technology}},
  publisher = {Springer},
  year = {2000},
  author = {Robert Dautray and Jacques-Louis Lions},
  volume = {6 -- Evolution Problems II}
}

@MISC{Derstine,
  author = {Derstine, K. L.},
  title = {{DIF3D}, {S}tandard {C}ode {D}escription},
  howpublished = {Available from: \url{http://www.ne.anl.gov/codes/dif3d/}},
  note = {Last checked: 09-16-2007},
  owner = {Milan},
  timestamp = {2009.07.07}
}

@TECHREPORT{Downar,
  author = {Thomas J. Downar},
  title = {Adaptive Nodal Transport Methods for Reactor Transient Analysis},
  institution = {Purdue University},
  year = {2005}
}

@ARTICLE{Hejzlar1,
  author = {Michael J. Driscoll and Pavel Hejzlar},
  title = {Reactor Physics Challenges in {Gen-IV} Reactor Design},
  journal = {Nuclear Engineering and Technology},
  year = {2005},
  volume = {37},
  pages = {1-10},
  number = {1},
  owner = {milan},
  timestamp = {2011.06.29}
}

@BOOK{DrabekNFA,
  title = {Methods of Nonlinear Analysis},
  publisher = {Birkh{\"a}user},
  year = {2007},
  author = {Pavel Dr{\' a}bek and Jaroslav Milota}
}

@BOOK{Duderstadt,
  title = {{N}uclear {R}eactor {A}nalysis},
  publisher = {{J}ohn {W}iley \& {S}ons, {Inc.}},
  year = {1976},
  author = {Duderstadt, James J. and Hamilton, Louis J.}
}

@UNPUBLISHED{EymardFVM,
  author = {Eymard, Robert and Gallou{\"e}t, Thierry and Herbin, Rapha{\`e}le},
  title = {{F}inite {V}olume {M}ethods},
  note = {Update of the preprint n0 97-19 du {LATP}, {UMR} 6632, {M}arseille,
	{S}eptember 1997,
	
	which appeared in {H}andbook of {N}umerical {A}nalysis,
	
	{P}. {G}. {C}iarlet, {J}. {L}. {L}ions, vol. 7, pp. 713-1020},
  month = jan,
  year = {2003}
}

@ARTICLE{FuNAM,
  author = {Fu, Xue Dong and Cho, Nam Zin},
  title = {Nonlinear Analytic and Semi-Analytic Nodal Methods for Multigroup
	Neutron Diffusion Calculations},
  journal = {Journal of Nuclear Science and Technology},
  year = {2002},
  volume = {39},
  pages = {1015-1025},
  number = {10},
  month = oct
}

@ARTICLE{GallouetEE,
  author = {Gallou{\"e}t, Thierry and Herbin, Rapha{\`e}le and Vignal, {M}arie
	H{\'e}l{\`e}ne},
  title = {Error estimates on the approximate finite volume solution of convection
	diffusion equations with general boundary conditions},
  journal = {{SIAM} {J}. {N}umer. {A}nal.},
  year = {2000},
  volume = {37},
  pages = {1935-1972},
  number = {6}
}

@TECHREPORT{GrundmannDYN3D,
  author = {U. Grundmann and U. Rohde and S. Mittag and S. Kliem},
  title = {{DYN3D Version 3.2}, {D}escription of {M}odels and {M}ethods},
  institution = {Forschungszentrum Rossendorf},
  year = {2005},
  type = {Wissenschaftlich-Technische Berichte},
  number = {FZR-434},
  owner = {Milan},
  timestamp = {2009.07.07}
}

@INPROCEEDINGS{HabetlerEX,
  author = {Habetler, G. and Martino, M.},
  title = {Existence theorems and spectral theory for the multigroup diffusion
	model},
  booktitle = {Proc. {S}ymp. {A}ppl. {M}ath.},
  year = {1961},
  volume = {XI}
}

@BOOK{HanusBP,
  title = {Numerical modelling of neutron flux in nuclear reactors},
  publisher = {{F}aculty of {A}pplied {S}ciences, {U}niversity of {W}est {B}ohemia
	in {P}ilsen},
  year = {2007},
  author = {Hanu{\v s}, Milan},
  month = jun,
  note = {Bachelor's Thesis. Supervisor: Marek Brandner},
  owner = {Milan},
  school = {Faculty of {A}pplied {S}ciences, {U}niversity of {W}est {B}ohemia
	in {P}ilsen},
  timestamp = {2009.07.07}
}

@INPROCEEDINGS{HanusPANM,
  author = {Milan Hanu{\v s} and Tom{\' a}{\v s} Berka and Marek Brandner and
	Roman Ku{\v z}el and Ale{\v s} Matas},
  title = {Three-dimensional Numerical Model of Neutron Flux in Hex-Z Geometry},
  booktitle = {Programy a algoritmy numerick{\' e} matematiky},
  year = {2008},
  owner = {Milan},
  timestamp = {2009.08.16}
}

@BOOK{HermanskyJR,
  title = {Jadern{\'e} reaktory},
  publisher = {SNTL, Praha},
  year = {1981},
  author = {He{\v r}mansk{\'y}, Bed{\v r}ich},
  owner = {Milan},
  timestamp = {2009.07.11}
}

@TECHREPORT{ONETRAN,
  author = {T. R. Hill},
  title = {{ONETRAN: A Discrete Ordinates Finite Element Code for the Solution
	of the One-Dimensional Multigroup Transport Equation}},
  institution = {Los Alamos Scientific Laboratory},
  year = {1975},
  month = jun
}

@ARTICLE{Hursin1,
  author = {Mathieu Hursin and Shanjie Xiao and Tatjana Jevremovic},
  title = {{Synergism of the method of characteristic, R-functions and diffusion
	solution for accurate representation of 3D neutron interactions in
	research reactors using the AGENT code system}},
  journal = {Annals of Nuclear Energy},
  year = {2006},
  volume = {33},
  pages = {1116-1133},
  owner = {milan},
  timestamp = {2011.06.29}
}

@ARTICLE{Kim,
  author = {{Yeong-il} Kim and Jaewoon Yoo and Dohee Hahn and Chang Hyo Kim},
  title = {A conformal mapped nodal {SP3} method for hexagonal core analysis},
  journal = {Annals of Nuclear Energy},
  year = {2009},
  volume = {36},
  pages = {498-504}
}

@ARTICLE{Kosaka1,
  author = {Shinya Kosaka and Etsuro Saji},
  title = {Transport Theory Calculation for a Heterogeneous Multi-Assembly Problem
	by Characteristics Method with Direct Neutron Path Linking Technique},
  journal = {Journal of Nuclear Science and Technology},
  year = {2000},
  volume = {37},
  pages = {1015-1023},
  number = {12},
  owner = {milan},
  timestamp = {2011.06.29}
}

@ARTICLE{Kosaka2,
  author = {Shinya Kosaka and Toshikazu Takeda},
  title = {Critical Experiment Analyses by {CHAPLET-3D} Code in Two- and Three-Dimensional
	Core Models},
  journal = {Journal of Nuclear Science and Technology},
  year = {2005},
  volume = {42},
  pages = {101-108},
  number = {1},
  owner = {milan},
  timestamp = {2011.06.29}
}

@PHDTHESIS{Kotiluoto,
  author = {Petri Kotiluoto},
  title = {Adaptive tree multigrids and simplified spherical harmonics approximation
	in deterministic neutral and charged particle transport},
  school = {University of Helsinki},
  year = {2007}
}

@MISC{Kulikowska,
  author = {Teresa Kulikowska},
  title = {Reactor Lattice Codes},
  year = {2000},
  note = {Lecture given at the Workshop on Nuclear Data and Nuclear Reactors:
	Physics, Design and Safety, Trieste, 13 March - 14 April 2000}
}

@UNPUBLISHED{Roman,
  author = {Roman Ku{\v z}el},
  title = {Private communication},
  note = {rkuzel@kma.zcu.cz},
  year = {2009},
  owner = {Milan},
  timestamp = {2009.08.17}
}

@TECHREPORT{LarsenMcGhee,
  author = {Edward W. Larsen and Jim E. Morel and John M. McGhee},
  title = {Asymptotic Derivation of the Multigroup P1 and Simplified PN equations
	with Anisotropic Scattering},
  institution = {Los Alamos National Laboratory},
  year = {1995}
}

@ARTICLE{LathouwersTEIG,
  author = {D. Lathouwers},
  title = {Iterative computation of time-eigenvalues of the neutron transport
	equation},
  journal = {Annals of Nuclear Energy},
  year = {2003},
  volume = {30},
  pages = {1793-1806}
}

@PHDTHESIS{Leppanen,
  author = {Jaakko Lepp{\"a}nen},
  title = {Development of a New Monte Carlo Reactor Physics Code},
  school = {Helsinki University of Technology},
  year = {2007}
}

@MASTERSTHESIS{MaoCANDU,
  author = {Mao, Jinchao},
  title = {Implementation of the analytic nodal method in the {NDF} code and
	applications to {CANDU} reactors},
  school = {{\' E}cole {P}olytechnique de {M}ontr{\' e}al},
  year = {2000}
}

@BOOK{MeyerMA,
  title = {Matrix Analysis and Applied Linear Algebra},
  publisher = {SIAM},
  year = {2000},
  author = {Meyer, Carl D.}
}

@BOOK{MokhtarKharroubi,
  title = {Mathematical topics in neutron transport theory},
  publisher = {World Scientific Pub. Co. Inc.},
  year = {1998},
  author = {M. Mokhtar-Kharroubi}
}

@PHDTHESIS{MosherVAR,
  author = {Mosher, Scott W.},
  title = {{A} {V}ariational {T}ransport {T}heory {M}ethod for {T}wo-{D}imensional
	{R}eactor {C}ore {C}alculations},
  school = {{S}chool of {M}echanical {E}ngineering, {G}eorgia {I}nstitute of
	{T}echnology},
  year = {2004},
  month = jun
}

@PHDTHESIS{MoultonNM,
  author = {Moulton, David J.},
  title = {Nodal Methods: Analysis, Performance and Fast Iterative Solvers},
  school = {University of British Columbia},
  year = {1996},
  address = {Institute of Applied Mathematics},
  month = nov,
  lastchecked = {01-19-2007},
  url = {http://www.iam.ubc.ca/theses/moulton/moulton.ps.Z}
}

@BOOK{MikaPDRET,
  title = {Parci{\' a}ln{\' i} diferenci{\' a}ln{\' i} rovnice eliptick{\' e}ho
	typu},
  publisher = {Vydavatelstv{\' i} {Z}{\' a}pado{\v c}esk{\' e} univerzity v {P}lzni},
  year = {1993},
  author = {M{\' i}ka, Stanislav and Kufner, Alois}
}

@BOOK{BrandnerSNM,
  title = {Speci{\' a}ln{\' i} numerick{\' e} metody},
  publisher = {Vydavatelsk{\' y} servis, Pilsen},
  year = {2006},
  author = {Stanislav M{\' i}ka and Petr P{\v r}ikryl and Marek Brandner}
}

@TECHREPORT{Alcouffe,
  author = {R. Douglas O'Dell and Raymond E. Alcouffe},
  title = {Transport Calculationsfor Nuclear Analyses -- Theory and Guidelines
	for Effective Use of Transport Codes},
  institution = {Los Alamos National Laboratory},
  year = {1987}
}

@ELECTRONIC{JANIS,
  author = {{OECD / Nuclear Energy Agency}},
  year = {2007},
  title = {Janis 3},
  url = {http://www.nea.fr/janis/},
  owner = {Milan},
  timestamp = {2009.07.11}
}

@PHDTHESIS{PalmtagMOX,
  author = {Palmtag, Scott P.},
  title = {Advanced {N}odal {M}ethods for {MOX} {F}uel {A}nalysis},
  school = {{M}assachusetts {I}nstitute of {T}echnology},
  year = {1997},
  month = aug
}

@ARTICLE{Petkov1,
  author = {Petko T. Petkov and Toshikazu Takeda},
  title = {Transport Calculations of MOX and $UO_2$ Pin Cells by the Method
	of Characteristics},
  journal = {Journal of Nuclear Science and Technology},
  year = {1998},
  volume = {35},
  pages = {874-885},
  number = {12},
  owner = {milan},
  timestamp = {2011.06.29}
}

@MISC{RavettoADS,
  author = {P. Ravetto},
  title = {Problems in the Neutron Dynamics of Source-Driven Systems},
  year = {2000},
  note = {Lecture given at the Workshop on Nuclear Data and Nuclear Reactors:
	Physics, Design and Safety, Trieste, 13 March - 14 April 2000}
}

@BOOK{Rektorys,
  title = {P{\v r}ehled u{\v z}it{\' e} matematiky I, II},
  publisher = {Prometheus},
  year = {1995},
  author = {Karel Rektorys and Vaclav Vilhelm and Tomas Cipra and Frantisek Kejla}
}

@BOOK{Reuss1,
  title = {{N}eutron {P}hysics},
  publisher = {{EDP Sciences}},
  year = {2008},
  author = {Paul Reuss}
}

@ELECTRONIC{arpack,
  author = {{Rice University}},
  title = {ARPACK},
  url = {http://www.caam.rice.edu/software/ARPACK/}
}

@ELECTRONIC{MARC,
  author = {RSICC, Oak Ridge, Tennessee},
  year = {1981},
  title = {{MARC-PN:} A Neutron Diffusion Code System with Spherical Harmonics
	Option},
  url = {http://www-rsicc.ornl.gov/codes/ccc/ccc3/ccc-311.html}
}

@BOOK{Saad,
  title = {Iterative Methods for Sparse Linear Systems},
  publisher = {PWS Publishing Company},
  year = {1996},
  author = {Yousef Saad},
  owner = {Milan},
  timestamp = {2009.08.16}
}

@ARTICLE{Sanchez2,
  author = {Richard Sanchez},
  title = {Assembly homogenization techniques for core calculations},
  journal = {{Progress in Nuclear Energy}},
  year = {2009},
  volume = {51},
  pages = {14-31},
  owner = {Milan},
  timestamp = {2009.07.07}
}

@ARTICLE{Sanchez3,
  author = {Richard Sanchez},
  title = {{The Criticality Eigenvalue Problem for the Transport Operator with
	General
	
	Boundary Conditions}},
  journal = {{Transport Theory and Statistical Physics}},
  year = {2006},
  volume = {35},
  pages = {159-185},
  number = {5}
}

@ARTICLE{Sanchez4,
  author = {Richard Sanchez},
  title = {Treatment of boundary conditions in trajectory-based
	
	deterministic transport methods},
  journal = {Nuclear Science and Engineering},
  year = {2002},
  volume = {140},
  pages = {23-50}
}

@ARTICLE{Sanchez5,
  author = {Richard Sanchez},
  title = {Some bounds for the effective
	
	multiplication factor},
  journal = {{Annals of Nuclear Energy}},
  year = {2001},
  volume = {31},
  pages = {1207-1218}
}

@INCOLLECTION{Sanchez6,
  author = {Richard Sanchez and Norman J. McCormick},
  title = {{A Review of Neutron Transport Approximations}},
  booktitle = {{Critical Reviews}},
  publisher = {{American Nuclear Society}},
  year = {1981},
  number = {11}
}

@BOOK{Sansone,
  title = {Orthogonal Functions},
  publisher = {Dover Publications},
  year = {2004},
  author = {G. Sansone}
}

@ARTICLE{Sanchez1,
  author = {S. Santandrea and R. Sanchez and P. Mosca},
  title = {A linear surface characteristics approximation for neutron transport
	in unstructured meshes},
  journal = {Nuclear Science and Engineering},
  year = {2008},
  volume = {160},
  pages = {23-40},
  owner = {milan},
  timestamp = {2011.06.29}
}

@MASTERSTHESIS{ScheichlPS,
  author = {Scheichl, Robert},
  title = {{P}arallel {S}olution of the {T}ransient {M}ultigroup {N}eutron {D}iffusion
	{E}quations with {M}ulti-grid and {P}reconditioned {K}rylov-subspace
	{M}ethods},
  school = {Johannes Kepler Universit{\"a}t Linz},
  year = {1997},
  month = sep,
  lastchecked = {30-01-07},
  url = {http://www.maths.bath.ac.uk/~masrs/diplom.ps.gz}
}

@ARTICLE{Smith,
  author = {Kord S. Smith},
  title = {{Assembly homogenization techniques for Light Water Reactor analysis}},
  journal = {Progress in Nuclear Energy},
  year = {1986},
  volume = {17},
  pages = {303-335},
  owner = {Milan},
  timestamp = {2009.08.17}
}

@MASTERSTHESIS{Smity,
  author = {Martina Smitkov{\' a}},
  title = {Numerick{\' e} modelov{\' a}n{\' i} transportu neutron{\accent23o
	u}},
  school = {University of West Bohemia in Pilsen},
  year = {2009}
}

@BOOK{Stacey1,
  title = {Nuclear Reactor Physics},
  publisher = {John Wiley \& Sons, Inc., New York},
  year = {2007},
  author = {Stacey, Weston M.},
  edition = {2nd},
  owner = {milan},
  timestamp = {2011.06.29}
}

@BOOK{StaceyNRP,
  title = {Nuclear Reactor Physics},
  publisher = {John Wiley \& Sons, Inc., New York},
  year = {2001},
  author = {Stacey, Weston M.}
}

@BOOK{eig,
  title = {Matrix Algorithms, Volume II: Eigensystems},
  publisher = {SIAM Philadelphia},
  year = {2001},
  author = {G. W. Stewart},
  owner = {Milan},
  timestamp = {2009.08.17}
}

@ARTICLE{Suslov1,
  author = {Igor Suslov},
  title = {Improvements in the Long Characteristics Method and their Efficiency
	for Deep Penetration Calculations},
  journal = {Progress in Nuclear Energy},
  year = {2001},
  volume = {39},
  pages = {223-242},
  number = {2},
  owner = {milan},
  timestamp = {2011.06.29}
}

@ARTICLE{SuttonDTM,
  author = {Sutton, T.M and Aviles, B.N.},
  title = {Diffusion Theory Methods for Spatial Kinetics Calculations},
  journal = {Progress in Nuclear Energy},
  year = {1996},
  volume = {30},
  pages = {119-182},
  number = {2}
}

@TECHREPORT{NEACRP,
  author = {Toshikazu Takeda and Hideaki Ikeda},
  title = {3-D Neutron Transport Benchmarks},
  institution = {Department Of Nuclear Engineering, Osaka University, Japan},
  year = {1991},
  owner = {Milan},
  timestamp = {2009.08.17}
}

@ARTICLE{ThevenotOpt,
  author = {Laurent Thevenot},
  title = {On the Optimization of the Fuel Distribution in a Nuclear Reactor},
  journal = {SIAM J. Math. Anal.},
  year = {2004},
  volume = {35},
  pages = {1133-1159}
}

@MISC{Trkov,
  author = {Andrej Trkov},
  title = {From Basic Nuclear Data to Applications},
  year = {2000},
  note = {Lecture given at the Workshop on Nuclear Data and Nuclear Reactors:
	Physics, Design and Safety, Trieste, 13 March - 14 April 2000}
}

@TECHREPORT{NESTLE,
  author = {Turinsky, Paul J. et al.},
  title = {{NESTLE} Few-group neutron diffusion equation solver utilizing the
	nodal expansion method for eigenvalue, adjoint, fixed-source steady-state
	and transient problems},
  institution = {{E}lectric {P}ower {R}esearch {C}enter},
  year = {1994},
  address = {{N}orth {C}arolina {S}tate {U}niversity, Raleigh, NC 27695-7909},
  month = jun
}

@ARTICLE{VdV,
  author = {Henk A. van der Vorst},
  title = {{BI-CGSTAB}: A fast and smoothly converging variant of {BI-CG} for
	the solution of nonsymmetric linear systems},
  journal = {{SIAM J. Sci. Stat. Comput.}},
  year = {1992},
  volume = {13},
  pages = {631-644},
  owner = {Milan},
  timestamp = {2009.08.16}
}

@BOOK{Wachspress1966,
  title = {{I}terative {S}olution of {E}lliptic {S}ystems {A}nd {A}pplications
	to the {N}eutron {D}iffusion {E}quations of {R}eactor {P}hysics},
  publisher = {{Prentice-Hall, Inc.}, {E}nglewood {C}liffs, {N. J.}},
  year = {1966},
  author = {Wachspress, Eugene. L.},
  owner = {Milan},
  timestamp = {2009.07.07}
}

@ARTICLE{WagnerHEX,
  author = {Wagner, {M}. {R}.},
  title = {Three-{D}imensional {N}odal {D}iffusion and {T}ransport {T}heory
	{M}ethods for {H}exagonal-z {G}eometry},
  journal = {Nuclear Science and Engineering},
  year = {1989},
  volume = {103},
  pages = {377-391},
  month = may
}

@TECHREPORT{warsa,
  author = {James S. Warsa and Todd A. Wareing and Jim E. Morel and John M. McGhee
	and Richard B. Lehoucq},
  title = {Krylov Subspace Iterations for Deterministic k-eigenvalue
	
	Calculations},
  institution = {Los Alamos National Laboratory},
  year = {2001},
  owner = {Milan},
  timestamp = {2009.08.17}
}

@BOOK{WilliamsMMPTT,
  title = {Mathematical Methods in Particle Transport Theory},
  publisher = {Butterworths, London},
  year = {1971},
  author = {Williams, M. M. R.}
}

@ARTICLE{Wu1,
  author = {G.J. Wu and R. Roy},
  title = {A new characteristics algorithm for {3D} transport calculations},
  journal = {Annals of Nuclear Energy},
  year = {2003},
  volume = {30},
  pages = {1-16},
  owner = {milan},
  timestamp = {2011.06.29}
}

@ARTICLE{Yamamoto1,
  author = {A. Yamamoto},
  title = {Reduction of the Spatial Discretization Error in the Method of Characteristics
	using the Diamond-difference Scheme},
  journal = {Journal of Nuclear Science and Technology},
  year = {2006},
  volume = {43},
  pages = {1327-1335},
  number = {11},
  owner = {milan},
  timestamp = {2011.06.29}
}

@ARTICLE{DownarARSM,
  author = {Zhaopeng Zhong and Thomas J. Downar and Yunlin Xu and Mark L. Williams
	and Mark D. DeHart},
  title = {{Continuous-Energy Multidimensional SN Transport for Problem-Dependent
	Resonance Self-Shielding Calculations}},
  journal = {Nuclear Science and Engineering},
  year = {2006},
  volume = {154},
  pages = {190-201},
  number = {2},
  owner = {Milan},
  timestamp = {2009.07.07}
}

@ARTICLE{Zimin,
  author = {Vyacheslav G. Zimin and Denis M. Baturin},
  title = {Polynomial nodal method for solving neutron diffusion equations in
	hexagonal-z geometry},
  journal = {Annals of Nuclear Energy},
  year = {2002},
  volume = {29},
  pages = {1105-1117},
  owner = {Milan},
  timestamp = {2009.08.17}
}

@comment{jabref-meta: selector_publisher:}

@comment{jabref-meta: selector_author:}

@comment{jabref-meta: selector_journal:}

@comment{jabref-meta: selector_keywords:}

